% This file was created with JabRef 2.10b2.dao
% Encoding: UTF-8

@article{grossmann2021heterogeneity,
 title={Heterogeneity Matters: Contact Structure and Individual Variation Shape Epidemic Dynamics},
 author={Gro{\ss}mann, Gerrit and Backenk{\"o}hler, Michael and Wolf, Verena},
 journal={\acsfont{PLoS} one},
 volume={16},
 number={7},
 pages={e0250050},
 year={2021},
 publisher={Public Library of Science},
}

@article{Bortolussi18infcomp,
 author={Luca Bortolussi and Roberta Lanciani and Laura Nenzi},
 title={Model Checking Markov Population Models by Stochastic Approximations},
 journal={Information and Computation},
 volume={262},
 pages={189--220},
 year={2018},
}

@article{strasser2012stability,
 title={Stability and Multiattractor Dynamics of a Toggle Switch Based on a Two-Stage Model of Stochastic Gene Expression},
 author={Strasser, Michael and Theis, Fabian J and Marr, Carsten},
 journal={Biophysical Journal},
 volume={102},
 number={1},
 pages={19--29},
 year={2012},
 publisher={Elsevier}
}

@article{siegal2011emergence,
 title={Emergence of Switch-Like Behavior in a Large Family of Simple Biochemical Networks},
 author={Siegal-Gaskins, Dan and Mejia-Guer\-ra, Maria K and Smith, Gregory D and Grotewold, Erich},
 journal={\acsfont{PLoS} Computational Biology},
 volume={7},
 number={5},
 pages={e1002039},
 year={2011},
 publisher={Public Library of Science}
}

@book{sarkka2013bayesian,
 title={Bayes\-ian Filtering and Smoothing},
 author={S{\"a}rkk{\"a}, Simo},
 volume={3},
 year={2013},
 publisher={Cambridge University Press}
}


@article{rabiner1986introduction,
 title={An Introduction to Hidden {M}arkov Models},
 author={Rabiner, Lawrence R and Juang, Biing-Hwang},
 journal={\acsfont{IEEE} \acsfont{ASSP} Magazine},
 volume={3},
 number={1},
 pages={4--16},
 year={1986},
 publisher={\acsfont{IEEE}}
}

@article{milner2013moment,
 title={Moment Closure Based Parameter Inference of Stochastic Kinetic Models},
 author={Milner, Peter and Gillespie, Colin S and Wilkinson, Darren J},
 journal={Statistics and Computing},
 volume={23},
 number={2},
 pages={287--295},
 year={2013},
 publisher={Springer}
}

@article{mikeev2019approximate,
 title={Approximate Numerical Integration of the Chemical Master Equation for Stochastic Reaction Networks},
 author={Mikeev, Linar and Sandmann, Werner},
 journal={arXiv preprint arXiv:1907.10245},
 year={2019}
}

@inproceedings{mikeev2011efficient,
 title={Efficient Calculation of Rare Event Probabilities in {M}arkovian Queueing Networks},
 author={Mikeev, Linar and Sandmann, Werner and Wolf, Verena},
 booktitle={5th International \acsfont{ICST} Conference on Performance Evaluation Methodologies and Tools},
 pages={186--196},
 year={2011}
}

@article{lipshtat2006genetic,
 title={Genetic Toggle Switch without Cooperative Binding},
 author={Lipshtat, Azi and Loinger, Adiel and Balaban, Nathalie Q and Biham, Ofer},
 journal={Physical Review Letters},
 volume={96},
 number={18},
 pages={188101},
 year={2006},
 publisher={\acsfont{APS}}
}


@inproceedings{zapreev2006safe,
 title={Safe On-the-Fly Stea\-dy-State Detection for Time-Bounded Reachability},
 author={Zapreev, Ivan and Katoen, Joost-Pieter},
 booktitle={Third International Conference on the Quantitative Evaluation of Systems},
 series={Lecture {N}otes in {C}omputer {S}cience},
 publisher={Springer},
 pages={301--310},
 year={2006},
}

@article{schnoerr2014validity,
 title={Validity Conditions for Moment Closure Approximations in Stochastic Chemical Kinetics},
 author={Schnoerr, David and Sanguinetti, Guido and Grima, Ramon},
 journal={The Journal of Chemical Physics},
 volume={141},
 number={8},
 pages={08B616\_1},
 year={2014},
 publisher={American Institute of Physics}
}

@inproceedings{neupane2019stamina,
 title={\acsfont{STAMINA}: STochastic Approximate Model-Checker for IN\-finite-state Analysis},
 author={Neupane, Thakur and Myers, Chris J and Madsen, Curtis and Zheng, Hao and Zhang, Zhen},
 booktitle={International Conference on Computer Aided Verification},
 series={Lecture {N}otes in {C}omputer {S}cience},
 pages={540--549},
 year={2019},
 organization={Springer}
}


@inproceedings{mikeev2013numerical,
 title={Numerical Approximation of Rare Event Probabilities in Biochemically Reacting Systems},
 author={Mikeev, Linar and Sandmann, Werner and Wolf, Verena},
 booktitle={International Conference on Computational Methods in Systems Biology},
 pages={5--18},
 year={2013},
 organization={Springer}
}


@inproceedings{wildner2019moment,
 title={Mom\-ent-Based Variational Inference for {M}arkov Jump Processes},
 author={Wildner, Christian and Koeppl, Heinz},
 booktitle={International Conference on Machine Learning},
 pages={6766--6775},
 year={2019},
 organization={\acsfont{PMLR}}
}



@article{huang2016reconstructing,
 title={Reconstructing Dynamic Molecular Sta\-tes from Single-Cell Time Series},
 author={Huang, Lirong and Paulev{\'{e}}, Lo{\"{i}}c and Zechner, Christoph and Unger, Michael and Hansen, Anders and Koeppl, Heinz},
 journal={Journal of The Royal Society Interface},
 volume={13},
 number={122},
 pages={20160533},
 year={2016},
 publisher={The Royal Society}
}




@article{he2020seir,
 title={{\acsfont{SEIR}} Modeling of the {\acsfont{COVID}-19} and its Dynamics},
 author={He, Shaobo and Peng, Yuexi and Sun, Kehui},
 journal={Nonlinear Dynamics},
 pages={1--14},
 year={2020},
 publisher={Springer}
}

@inproceedings{hajnal2019data,
 title={Data-Informed Parameter Synthesis for Population {M}arkov Chains},
 author={Hajnal, Matej and Nouvian, Morgane and {\v{S}}afr{\'a}\-nek, David and Petrov, Tatjana},
 booktitle={International Workshop on Hybrid Systems Biology},
 pages={147--164},
 year={2019},
 organization={Springer}
}

@inproceedings{backenkohler2021abstraction,
 title={Abstraction-Guided Truncations for Stationary Distributions of Markov Population Models},
 author={Michael Backenk{\"{o}}hler and Luca Bortolussi and Gerrit Gro{\ss}mann and Verena Wolf},
 booktitle={18th International Conference on Quantitative Evaluation of SysTems},
 year={2021},
 series={Lecture {N}otes in {C}omputer {S}cience},
 volume={to appear},
}

@inproceedings{grossmann2020importance,
 author={Gerrit Gro{\ss}mann and Michael Backenk{\"{o}}hler and Verena Wolf},
 title={Importance of Interaction Structure and Stochasticity for Epidemic Spreading: A {\acsfont{COVID}-19} Case Study},
 year={2020},
 publisher={Springer},
 booktitle={17th International Conference on Quantitative Evaluation of SysTems},
 series={Lecture {N}otes in {C}omputer {S}cience},
 volume={12289},
 pages={211--229},
}

@article{golightly2019efficient,
 title={Efficient Sampling of Conditioned {M}arkov Jump Processes},
 author={Golightly, Andrew and Sherlock, Chris},
 journal={Statistics and Computing},
 volume={29},
 number={5},
 pages={1149--1163},
 year={2019},
 publisher={Springer}
}

@article{golightly2011bayesian,
 title={Bayes\-ian Parameter Inference for Stochastic Biochemical Network Models using Particle {M}arkov Chain Monte Carlo},
 author={Golightly, Andrew and Wilkinson, Darren J},
 journal={Interface focus},
 volume={1},
 number={6},
 pages={807--820},
 year={2011},
 publisher={The Royal Society}
}

@article{golightly2005bayesian,
 title={Bayes\-ian Inference for Stochastic Kinetic Models using a Diffusion Approximation},
 author={Golightly, Andrew and Wilkinson, Darren J},
 journal={Biometrics},
 volume={61},
 number={3},
 pages={781--788},
 year={2005},
 publisher={Wiley Online Library}
}

@article{dayar1997quasi,
 title={Quasi Lumpability, Lower-Bounding Coupling Matrices, and Nearly Completely Decomposable {M}ar\-kov Chains},
 author={Dayar, Tu{\u{g}}rul and Stewart, William J},
 journal={\acsfont{SIAM} Journal on Matrix Analysis and Applications},
 volume={18},
 number={2},
 pages={482--498},
 year={1997},
 publisher={\acsfont{SIAM}}
}

@article{hausdorff,
 title={Summationsmethoden und Momentfolgen},
 author={Felix Hausdorff},
 journal={Mathematische Zeitschrift},
 volume={9},
 pages={74--109},
 year={1921},
}

@book{feller,
 title={An Introduction to Probability Theory and Its Applications},
 author={William Feller},
 year={1971},
 publisher={Wiley \& Sons},
}

@article{daigle2011automated,
 title={Automated Estimation of Rare Event Probabilities in Biochemical Systems},
 author={Daigle Jr, Bernie J and Roh, Min K and Gillespie, Dan T and Petzold, Linda R},
 journal={The Journal of Chemical Physics},
 volume={134},
 number={4},
 pages={01B628},
 year={2011},
 publisher={American Institute of Physics}
}

@article{byrne1975polyalgorithm,
 title={A Polyalgorithm for the Numerical Solution of Ordinary Differential Equations},
 author={Byrne, George D. and Hindmarsh, Alan C.},
 journal={\acsfont{ACM} Transactions on Mathematical Software},
 volume={1},
 number={1},
 pages={71--96},
 year={1975},
 publisher={\acsfont{ACM}}
}

@article{buchholz1994exact,
 title={Exact and Ordinary Lumpability in Finite {M}arkov Chains},
 author={Buchholz, Peter},
 journal={Journal of Applied probability},
 pages={59--75},
 year={1994},
 publisher={\acsfont{JSTOR}}
}

@book{broemeling2017bayesian,
 title={Bayes\-ian Inference for Stochastic Processes},
 author={Broemeling, Lyle D},
 year={2017},
 publisher={\acsfont{CRC} Press}
}

@inproceedings{backenkohler2019bounding,
 author={Michael Backenk{\"{o}}hler and Luca Bortolussi and Verena Wolf},
 title={Bounding Mean First Passage Times in Population Con\-tin\-uous-Time {Markov} Chains},
 year={2020},
 publisher={Springer},
 series={Lecture {N}otes in {C}omputer {S}cience},
 pages={155-174},
 volume={12289},
 booktitle={17th International Conference on Quantitative Evaluation of SysTems},
}

@article{andreychenko2010fly,
 title={On-the-Fly Uniformization of Time-Inhomogeneous Infinite {M}arkov Population Models},
 author={Andreychenko, Aleksandr and Crouzen, Pepijn and Mikeev, Linar and Wolf, Verena},
 journal={arXiv preprint arXiv:1006.4425},
 year={2010}
}

@article{andreychenko2015reconstruction,
 title={Reconstruction of Multimodal Distributions for Hybrid Mom\-ent-Based Chemical Kinetics},
 author={Andreychenko, Aleksandr and Mikeev, Linar and Wolf, Verena},
 journal={Journal of Coupled Systems and Multiscale Dynamics},
 volume={3},
 number={2},
 pages={156--163},
 year={2015},
 publisher={American Scientific Publishers}
}

@incollection{andreychenko2017distribution,
 title={Distribution Approximations for the Chemical Master Equation: Comparison of the Method of Moments and the System Size Expansion},
 author={Andreychenko, Aleksandr  and Bortolussi, Luca and Grima, Ramon and Thomas, Philipp and Wolf, Verena},
 booktitle={Modeling Cellular Systems},
 pages={39--66},
 year={2017},
 publisher={Springer}
}


@article{amparore2013backward,
 title={Backward Solution of {M}arkov Chains and {M}arkov Regenerative Processes: Formalization and Applications.},
 author={Amparore, Elvio Gilberto and Donatelli, Susanna},
 journal={Electronic Notes on Theoretical Computer Science},
 volume={296},
 pages={7--26},
 year={2013}
}

@article{adan2017flow,
 title={Flow Cytometry: Basic Principles and Applications},
 author={Adan, Aysun and Alizada, G{\"u}nel and Kiraz, Ya{\u{g}}mur and Baran, Yusuf and Nalbant, Ayten},
 journal={Critical Reviews in Biotechnology},
 volume={37},
 number={2},
 pages={163--176},
 year={2017},
 publisher={Taylor \& Francis}
}

@InProceedings{andreychenko2011parameter,
 Title={Parameter Identification for {M}arkov Models of Biochemical Reactions},
 Author={Andreychenko, Aleksandr and Mikeev, Linar and Spieler, David and Wolf, Verena},
 Booktitle={International Conference on Computer Aided Verification},
 series={Lecture {N}otes in {C}omputer {S}cience},
 Year={2011},
 Organization={Springer},
 Pages={83--98}
}

@InProceedings{aziz1996verifying,
 Title={Verifying Continuous Time {M}arkov Chains},
 Author={Aziz, Adnan and Sanwal, Kumud and Singhal, Vigyan and Brayton, Robert},
 Booktitle={International Conference on Computer Aided Verification},
 series={Lecture {N}otes in {C}omputer {S}cience},
 Year={1996},
 Organization={Springer},
 Pages={269--276},
}

@Article{backenkohler2018moment,
 Title={Mo\-ment-Based Parameter Estimation for Stochastic Reaction Networks in Equilibrium},
 Author={Backenk\"ohler, Michael and Bortolussi, Luca and Wolf, Verena},
 Journal={\acsfont{IEEE}/\acsfont{ACM} Transactions on Computational Biology and Bioinformatics},
 Year={2018},
 Number={4},
 Pages={1180--1192},
 Volume={15},

 Publisher={\acsfont{IEEE} Computer Society Press}
}

@Article{baier2003model,
 Title={Model-Checking Algorithms for Con\-tin\-uous-Time {M}arkov Chains},
 Author={Baier, Christel and Haverkort, Boudewijn and Hermanns, Holger and Katoen, Joost-Pieter},
 Journal={\acsfont{IEEE} Transactions on Software Engineering},
 Year={2003},
 Number={6},
 Pages={524--541},
 Volume={29},
 Publisher={\acsfont{IEEE}},
}

@InProceedings{baier2000model,
 Title={Model Checking Continuous-Time {M}arkov Chains by Transient Analysis},
 Author={Baier, Christel and Haverkort, Boudewijn and Hermanns, Holger and Katoen, Joost-Pieter},
 Booktitle={International Conference on Computer Aided Verification},
 series={Lecture {N}otes in {C}omputer {S}cience},
 Year={2000},
 Organization={Springer},
 Pages={358--372},
}

@Article{barzel2008calculation,
 Title={Calculation of Switching Times in the Genetic Toggle Switch and other Bistable Systems},
 Author={Barzel, Baruch and Biham, Ofer},
 Journal={Physical Review E},
 Year={2008},
 Number={4},
 Pages={041919},
 Volume={78},
 Publisher={\acsfont{APS}}
}

@InProceedings{bortolussi2013model,
 Title={Model Checking {M}arkov Population Models by Central Limit Approximation},
 Author={Bortolussi, Luca and Lanciani, Roberta},
 Booktitle={International Conference on Quantitative Evaluation of Systems},
 Year={2013},
 publisher={Springer},
 Pages={123--138},
}

@InProceedings{bortolussi2015efficient,
 Title={Efficient Stochastic Simulation of Systems with Multiple Time Scales via Statistical Abstraction},
 Author={Bortolussi, Luca and Milios, Dimitrios and Sanguinetti, Guido},
 Booktitle={International Conference on Computational Methods in Systems Biology},
 Year={2015},
 Organization={Springer},
 Pages={40--51}
}

@Article{cardelli2012cell,
 Title={The Cell Cycle Switch Computes Approximate Majority},
 Author={Cardelli, Luca and Csik{\'a}sz-Nagy, Attila},
 Journal={Scientific reports},
 Year={2012},
 Pages={656},
 Volume={2},
 Publisher={Nature Publishing Group}
}

@InProceedings{caris2005selection,
 Title={Selection of Control Variates for Variance Reduction in a Multiresponse Simulation with a Small Number of Replications},
 Author={Caris, An and Janssens, Gerrit},
 Booktitle={European Simulation and Modeling Conference},
 Year={2005},
 Pages={19--24}
}

@InProceedings{chen2011time,
 Title={Time-Bounded Verification of {\acsfont{CTMC}s} Against Real-Time Specifications},
 Author={Taolue Chen and Diciolla, Marco and Kwiatkow\-ska, Marta and Mereacre, Alexandru},
 Booktitle={International Conference on Formal Modeling and Analysis of Timed Systems},
 Year={2011},
 Organization={Springer},
 Pages={26--42},
}

@InProceedings{chen2009quantitative,
 Title={Quantitative Model Checking of Continuous-Time {M}arkov Chains Against Timed Automata Specifications},
 Author={Taolue Chen and Han, Tingting and Katoen, Joost-Pieter and Mereacre, Alexandru},
 Booktitle={2009 24th \acsfont{IEEE} Symposium on Logic In Computer Science},
 Year={2009},
 Organization={\acsfont{IEEE}},
 Pages={309--318},
}

@Article{cheng1978analysis,
 Title={Analysis of Simulation Experiments Under Normality Assumptions},
 Author={Russell CH Cheng},
 Journal={Journal of the Operational Research Society},
 Year={1978},
 Number={5},
 Pages={493--497},
 Volume={29},
 Publisher={Taylor \& Francis}
}

@Article{david2015statistical,
 Title={Statistical Model Checking for Biological Systems},
 Author={David, Alexandre and Larsen, Kim G and Legay, Axel and Miku{\v{c}}ionis, Marius and Poulsen, Danny B{\o}gsted and Sedwards, Sean},
 Journal={International Journal on Software Tools for Technology Transfer},
 Year={2015},
 Number={3},
 Pages={351--367},
 Volume={17},
 Publisher={Springer},
}

@InProceedings{dehnert2017storm,
 Title={A Storm is Coming: A Modern Probabilistic Model Checker},
 Author={Dehnert, Christian and Junges, Sebastian and Katoen, Joost-Pieter and Volk, Matthias},
 Booktitle={International Conference on Computer Aided Verification},
 series={Lecture {N}otes in {C}omputer {S}cience},
 Year={2017},
 Organization={Springer},
 Pages={592--600},
}

@Article{cvxpy,
 Title={{\acsfont{CVXPY}}: A {P}ython-Em\-bed\-ded Modeling Language for Convex Optimization},
 Author={Steven Diamond and Stephen Boyd},
 Journal={Journal of Machine Learning Research},
 Year={2016},
 Number={83},
 Pages={1--5},
 Volume={17}
}

@Article{dowdy2018bounds,
 Title={Bounds on Stochastic Chemical Kinetic Systems at Steady State},
 Author={Dowdy, Garrett R and Barton, Paul I},
 Journal={The Journal of Chemical Physics},
 Year={2018},
 Number={8},
 Pages={084106},
 Volume={148},
 Publisher={\acsfont{AIP} Publishing}
}

@Article{dowdy2018dynamic,
 Title={Dynamic Bounds on Stochastic Chemical Kinetic Systems using Semidefinite Programming},
 Author={Dowdy, Garrett R and Barton, Paul I},
 Journal={The Journal of Chemical Physics},
 Year={2018},
 Number={7},
 Pages={074103},
 Volume={149},
 Publisher={\acsfont{AIP} Publishing}
}

@Article{engblom2014stability,
 Title={On the Stability of Stochastic Jump Kinetics},
 Author={Engblom, Stefan},
 Journal={Applied Mathematics},
 Year={2014},
 Pages={3217--3239},
 Volume={5}
}

@Article{engblom2006computing,
 Title={Computing the Moments of High Dimensional Solutions of the Master Equation},
 Author={Engblom, Stefan},
 Journal={Applied Mathematics and Computation},
 Year={2006},
 Number={2},
 Pages={498--515},
 Volume={180},
 Publisher={Elsevier},
}



@inproceedings{bogomolov2015adaptive,
 title={Ad\-aptive Moment Closure for Parameter Inference of Biochemical Reaction Networks},
 author={Bogomolov, Sergiy and Henzinger, Thomas A and Podelski, Andreas and Ruess, Jakob and Schil\-ling, Christian},
 booktitle={International Conference on Computational Methods in Systems Biology},
 pages={77--89},
 year={2015},
 organization={Springer}
}

@inproceedings{spieler2014model,
 title={Model Checking \acsfont{CSL} for Markov Population Models},
 author={Spieler, David and Hahn, Ernst Moritz and Zhang, Lijun},
 booktitle={Twelfth International Workshop on Quantitative Aspects of Programming Languages and Systems},
 series={\acsfont{EPTCS}},
 volume={154},
 pages={93--107},
 year={2014}
}

@Article{ghusinga2017exact,
 Title={Exact Lower and Upper Bounds on Stationary Moments in Sto\-chastic Biochemical Systems},
 Author={Ghusinga, Khem Raj and Vargas-Garcia, Cesar A and Lamperski, Andrew and Singh, Abhyudai},
 Journal={Physical Biology},
 Year={2017},
 Number={4},
 Pages={04\acsfont{LT}01},
 Volume={14},
 Publisher={\acsfont{IOP} Publishing}
}

@Article{gillespie2001approximate,
 Title={Approximate Accelerated Sto\-chastic Simulation of Chemically Reacting Systems},
 Author={Gillespie, Daniel T},
 Journal={The Journal of Chemical Physics},
 Year={2001},
 Number={4},
 Pages={1716--1733},
 Volume={115},
 Publisher={\acsfont{AIP}}
}

@Article{gillespie2000chemical,
 Title={The Chemical Langevin Equation},
 Author={Gillespie, Daniel T},
 Journal={The Journal of Chemical Physics},
 Year={2000},
 Number={1},
 Pages={297--306},
 Volume={113},
 Publisher={\acsfont{AIP}}
}

@Article{glasserman2005large,
 Title={Large Sample Properties of Weighted Monte Carlo Estimators},
 Author={Glasserman, Paul and Yu, Bin},
 Journal={Operations Research},
 Year={2005},
 Number={2},
 Pages={298--312},
 Volume={53},
 Publisher={\acsfont{INFORMS}}
}

@Article{gupta2014scalable,
 Title={A Scalable Computational Framework for Establishing Long-Term Behavior of Stochastic Reaction Networks},
 Author={Gupta, Ankit and Briat, Corentin and Khammash, Mustafa},
 Journal={\acsfont{PLoS} Computational Biology},
 Year={2014},
 Number={6},
 Pages={e1003669},
 Volume={10},
 Publisher={Public Library of Science}
}

@Article{hasenauer2014method,
 Title={Method of Conditional Moments (\acsfont{MCM}) for the Chemical Master Equation},
 Author={Hasenauer, Jan and Wolf, Verena and Kazeroonian, Atefeh and Theis, Fabian J},
 Journal={Journal of Mathematical Biology},
 Year={2014},
 Number={3},
 Pages={687--735},
 Volume={69},
 Publisher={Springer}
}

@Article{hayden2012fluid,
 Title={Fluid Computation of Pas\-sage-Time Distributions in Large {M}ar\-kov Models},
 Author={Hayden, Richard A and Stefanek, Anton and Brad\-ley, Jeremy T},
 Journal={Theoretical Computer Science},
 Year={2012},
 Number={1},
 Pages={106--141},
 Volume={413},
 Publisher={Elsevier}
}

@article{helmes2008geometrical,
 title={A Geometrical Characterization of Multidimensional Hausdorff Polytopes with Applications to Exit Time Problems},
 author={Helmes, Kurt and R{\"o}hl, Stefan},
 journal={Mathematics of Operations Research},
 volume={33},
 number={2},
 pages={315--326},
 publisher={\acsfont{INFORMS}},
 year={2008},
}

@Article{helmes2001computing,
 Title={Computing Moments of the Exit Time Distribution for {M}arkov Processes by Linear Programming},
 Author={Helmes, Kurt and R{\"o}hl, Stefan and Stockbridge, Richard H},
 Journal={Journal of Operations Research},
 Year={2001},
 Number={4},
 Pages={516--530},
 Volume={49},
 Publisher={\acsfont{INFORMS}}
}

@InProceedings{henzinger2009sliding,
 Title={Sliding Window Abstraction for Infinite {M}arkov Chains},
 Author={Henzinger, Thomas A and Mateescu, Maria and Wolf, Verena},
 Booktitle={International Conference on Computer Aided Verification},
 series={Lecture {N}otes in {C}omputer {S}cience},
 Year={2009},
 Organization={Springer},
 Pages={337--352}
}

@InProceedings{hinton2006prism,
 Title={\acsfont{PRISM}: A Tool for Automatic Verification of Probabilistic Systems},
 Author={Hinton, Andrew and Kwiatkowska, Marta and Norman, Gethin and Parker, David},
 Booktitle={International Conference on Tools and Algorithms for the Construction and Analysis of Systems},
 Year={2006},
 Organization={Springer},
 Pages={441--444},
}

@InProceedings{kashima2009polynomial,
 Title={Polynomial Programming Approach to Weak Approximation of L{\'e}vy-Driven Stochastic Differential Equations with Application to Option Pricing},
 Author={Kashima, Kenji and Kawai, Reiichiro},
 Booktitle={International joint Conference. Institute of Control, Robotics and Systems and Society of Instrument and Control Engineers},
 Year={2009},
 Organization={\acsfont{IEEE}},
 Pages={3902--3907}
}


@article{kuntz2019exit,
 Title={The Exit Time Finite State Projection Scheme: Bounding Exit distributions and Occupation Measures of Con\-tin\-uo\-us-time {M}arkov Chains},
 Author={Kuntz, Juan and Thomas, Philipp and Stan, Guy-Bart and Barahona, Mauricio},
 Journal={\acsfont{SIAM} Journal on Scientific Computing},
 Year={2019},
 Number={2},
 Pages={A748--A769},
 Volume={41},
 Publisher={\acsfont{SIAM}}
}

@article{kuntz2017rigorous,
 title={Bounding the Stationary Distributions of the Chemical Master Equation via Mathematical Programming},
 author={Kuntz, Juan And Thomas, Philipp And stan, Guy-Bart and Barahona, Mauricio},
 journal={The Journal of Chemical Physics},
 volume={151},
 number={3},
 pages={034109},
 year={2019},
 publisher={\acsfont{AIP} Publishing}
}

@Article{kuwahara2008efficient,
 Title={An Efficient and Exact Stochastic Simulation Method to Analyze Rare Events in Biochemical Systems},
 Author={Kuwahara, Hiroyuki and Mura, Ivan},
 Journal={The Journal of Chemical Physics},
 Year={2008},
 Number={16},
 Pages={10B619},
 Volume={129},
 Publisher={\acsfont{AIP}}
}

@InProceedings{l1994efficiency,
 Title={Efficiency Improvement and Variance Reduction},
 Author={L'Ecuyer, Pierre},
 Booktitle={26th Conference on Winter Simulation},
 Year={1994},
 Organization={Society for Computer Simulation International},
 Pages={122--132}
}



@Article{lasserre2006pricing,
 Title={Pricing a Class of Exotic Options via Moments and \acsfont{SDP} Relaxations},
 Author={Lasserre, Jean-Bernard and Prieto-Rumeau, Tom{\'{a}}s and Zervos, Mihail},
 Journal={Mathematical Finance},
 Year={2006},
 Number={3},
 Pages={469--494},
 Volume={16},
 Publisher={Wiley Online Library}
}

@inproceedings{kwiatkowska2011prism,
 title={\acsfont{PRISM} 4.0: Verification of Probabilistic Real-Time Systems},
 author={Kwiatkowska, Marta and Norman, Gethin and Parker, David},
 booktitle={International Conference on Computer Aided Verification},
 pages={585--591},
 year={2011},
 organization={Springer}
 }

@Article{lavenberg1982statistical,
 Title={Statistical Results on Control Variables with Application to Queueing Network Simulation},
 Author={Lavenberg, Stephen S and Moeller, Thomas L and Welch, Peter D},
 Journal={Operations Research},
 Year={1982},
 Number={1},
 Pages={182--202},
 Volume={30},

 Publisher={\acsfont{INFORMS}}
}

@Article{mateescu2010fast,
 Title={Fast Adaptive Uniformisation of the Chemical Master Equation},
 Author={Mateescu, M and Wolf, V and Didier, F and Henzinger, TA},
 Journal={\acsfont{IET} Systems Biology},
 Year={2010},
 Number={6},
 Pages={441--452},
 Volume={4},

 Publisher={\acsfont{IET}}
}

@inproceedings{ceska2019semi,
 author={Milan {\v{C}}e{\v{s}}ka and
 Jan Kret{\'{\i}}nsk{\'{y}}},
 title={Semi-quan\-ti\-ta\-tive Abstraction and Analysis of Chemical 
 Reaction Networks},
 booktitle={International Confernce on Computer Aided Verification},
 series={Lecture {N}otes in {C}omputer {S}cience},
 pages={475--496},
 year={2019},
 organization={Springer},
}

@inproceedings{bortolussi2014stochastic,
 author={Luca Bortolussi and Roberta Lanciani},
 title={Sto\-chastic Approximation of Global Reachability Probabilities 
 of {M}arkov
 Population Models},
 booktitle={Computer Performance Engineering - 11th European Workshop},
 pages={224--239},
 year={2014},
}


@book{stewart2009probability,
 title={Probability, {M}arkov Chains, Queues, and Simulation: the Mathematical Basis of Performance Modeling},
 author={Stewart, William J},
 year={2009},
 publisher={Princeton University Press}
}

@Article{mikeev2013fly,
 Title={On-the-Fly Verification and Optimization of \acsfont{DTA}-Properties for Large {M}arkov Chains},
 Author={Mikeev, Linar and Neuh{\"a}u{\ss}er, Martin R and Spieler, David and Wolf, Verena},
 Journal={Formal Methods in System Design},
 Year={2013},
 Number={2},
 Pages={313--337},
 Volume={43},

 Owner={wolf},
 Publisher={Springer},
 Timestamp={2019.10.16}
}

@article{dayar2011bounding,
 title={Bounding the Equilibrium Distribution of {M}arkov Population Models},
 author={Dayar, Tu{\u{g}}rul and Hermanns, Holger and Spieler, David and Wolf, Verena},
 journal={Numerical Linear Algebra with Applications},
 volume={18},
 number={6},
 pages={931--946},
 year={2011},
 publisher={Wiley Online Library}
}

@article{melykuti2014equilibrium,
 title={Equilibrium Distributions of Simple Biochemical Reaction Systems for Time-Scale Separation in Stochastic Reaction Networks},
 author={M{\'e}lyk{\'u}ti, Bence and Hespanha, Jo{\~{a}}o P and Khammash, Mustafa},
 journal={Journal of The Royal Society Interface},
 volume={11},
 number={97},
 pages={20140054},
 year={2014},
 publisher={The Royal Society}
}

@book{kurtz1981approximation,
 title={Approximation of Population Processes},
 author={Kurtz, Thomas G},
 year={1981},
 publisher={\acsfont{SIAM}},
 volume={36},
 series={Regional Conference Series in Applied Mathematics},
}


@book{stewart1994introduction,
 title={Introduction to the Numerical Solution of {M}arkov Chains},
 author={Stewart, William J},
 year={1994},
 publisher={Princeton University Press}
}

@book{ullah2011stochastic,
 title={Stochastic Approaches for Systems Biology},
 author={Ullah, Mukhtar and Wolkenhauer, Olaf},
 year={2011},
 publisher={Springer}
}

@article{schweitzer1991survey,
 title={A Survey of Aggregation-Dis\-ag\-gregat\-ion in Large {M}arkov Chains},
 author={Schweitzer, Paul J},
 journal={Numerical Solution of {M}arkov Chains},
 volume={8},
 pages={63--88},
 year={1991}
}

@article{van1992bi,
 title={\acsfont{Bi-CGSTAB}: A Fast and Smoothly Converging Variant of \acsfont{Bi-CG} for the Solution of Nonsymmetric Linear Systems},
 author={Van der Vorst, Henk A},
 journal={\acsfont{SIAM} Journal on scientific and Statistical Computing},
 volume={13},
 number={2},
 pages={631--644},
 year={1992},
 publisher={\acsfont{SIAM}}
}

@book{mode2000stochastic,
 title={Stochastic Processes in Epidemiology: \acsfont{HIV}/\acsfont{AIDS}, Other Infectious Diseases, and Computers},
 author={Mode, Charles J and Sleeman, Candace K},
 year={2000},
 publisher={World Scientific}
}

@book{wilkinson2018stochastic,
 title={Stochastic Modelling for Systems Biology},
 author={Wilkinson, Darren J},
 year={2018},
 publisher={\acsfont{CRC} press}
}

@ARTICLE{numpy,
 author={Harris, Charles R and Millman, K Jarrod and van der Walt, St{\'{e}}fan J and Gommers, Ralf and Virtanen, Pauli and Cournapeau, David and Wieser, Eric and Taylor, Julian and Berg, Sebastian and Smith, Nathaniel J and Kern, Robert and Picus, Matti and Hoyer, Stephan and van Kerkwijk, Marten H and Brett, Matthew and Haldane, Allan and Fern{\'{a}}ndez del R{\'{o}}, Jaime and Wiebe, Mark and Peterson, Pearu and G{\'{e}}rard-Marchant, Pierre and Sheppard, Kevin and Reddy, Tyler and Weckesser, Warren and Abbasi, Hameer and Gohlke, Christoph and Oliphant, Travis E},
 title={Array Programming with {NumPy}},
 journal={Nature},
 year={2020},
 volume={585},
 pages={357--362},
} 

@book{anderson2012continuous,
 title={Continuous-Time {M}arkov Chains: An Applications-Oriented Approach},
 author={Anderson, William J},
 year={2012},
 publisher={Spring\-er Science \& Business Media}
}


@book{pardoux2008markov,
 title={{M}arkov Processes and Applications: Algorithms, Networks, Genome and Finance},
 author={Pardoux, {\'{E}}tienne},
 volume={796},
 year={2008},
 publisher={John Wiley \& Sons}
}

@book{meyn2012markov,
 title={Markov Chains and Stochastic Stability},
 author={Meyn, Sean P and Tweedie, Richard L},
 year={2012},
 publisher={Springer}
}



@inproceedings{milias2014optimization,
 title={Op\-ti\-mi\-za\-tion-Based {Lyapunov} Function Construction for Con\-tin\-uo\-us-Time {Markov} Chains with Affine Transition Rates},
 author={Milias-Argeitis, Andreas and Khammash, Mustafa},
 booktitle={53rd \acsfont{IEEE} Conference on Decision and Control},
 pages={4617--4622},
 year={2014},
 organization={\acsfont{IEEE}}
}

@article{tweedie_1975,
 title={Sufficient Conditions for Regularity, Recurrence and Ergodicity of Markov Processes},
 volume={78},
 number={1},
 journal={Mathematical Proceedings of the Cambridge Philosophical Society},
 publisher={Cambridge University Press},
 author={Tweedie, Richard L},
 year={1975},
 pages={125--136}
}

@article{meyn1994computable,
 title={Computable Bounds for Geometric Convergence Rates of {M}arkov Chains},
 author={Meyn, Sean P and Tweedie, Richard L and others},
 journal={The Annals of Applied Probability},
 volume={4},
 number={4},
 pages={981--1011},
 year={1994},
 publisher={Institute of Mathematical Statistics}
}


@article{meyn1993stability,
 title={Stability of {Markovian} Processes {III}: {Foster-Lyapun\-ov} Criteria for Continuous-Time Processes},
 author={Meyn, Sean P and Tweedie, Richard L},
 journal={Advances in Applied Probability},
 pages={518--548},
 year={1993},
 publisher={\acsfont{JSTOR}}
}

@inproceedings{lapin2011shave,
 title={{\acsfont{SHAVE}}: Stochastic Hybrid Analysis of {Markov} Population Models},
 author={Lapin, Maksim and Mikeev, Linar and Wolf, Verena},
 booktitle={14th International Conference on Hybrid Systems: Computation and Control},
 pages={311--312},
 year={2011}
}

@article{kurasov2018stochastic,
 title={Stochastic Hybrid Models of Gene Regulatory Networks--A {\acsfont{PDE}} Approach},
 author={Kurasov, Pavel and L{\"u}ck, Alexander and Mugnolo, Delio and Wolf, Verena},
 journal={Mathematical Biosciences},
 volume={305},
 pages={170--177},
 year={2018},
 publisher={Elsevier}
}


@article{kuntz2021approximations,
 title={Approximations of Countably Infinite Linear Programs over Boun\-ded Measure Spaces},
 author={Kuntz, Juan and Thomas, Philipp and Stan, Guy-Bart and Barahona, Mauricio},
 journal={\acsfont{SIAM} Journal on Optimization},
 volume={31},
 number={1},
 pages={604--625},
 year={2021},
 publisher={\acsfont{SIAM}}
}

@article{kuntz2021stationary,
 title={Stationary Distributions of Continuous-Time {M}arkov Chains: A Review of Theory and Truncation-Based Approximations},
 author={Kuntz, Juan and Thomas, Philipp and Stan, Guy-Bart and Barahona, Mauricio},
 journal={\acsfont{SIAM} Review},
 volume={63},
 number={1},
 pages={3--64},
 year={2021},
 publisher={\acsfont{SIAM}}
}

@article{cao2006efficient,
 title={Efficient Step Size Selection for the Tau-Leaping Simulation Method},
 author={Cao, Yang and Gillespie, Daniel T and Petzold, Linda R},
 journal={The Journal of Chemical Physics},
 volume={124},
 number={4},
 pages={044109},
 year={2006},
 publisher={American Institute of Physics}
}

@article{knuth1993johann,
 title={Johann Faulhaber and Sums of Powers},
 author={Knuth, Donald E},
 journal={Mathematics of Computation},
 volume={61},
 number={203},
 pages={277--294},
 year={1993}
}

@article{jahnke2007solving,
 title={Solving the Chemical Master Equation for Mono\-mo\-le\-cu\-lar Reaction Systems Analytically},
 author={Jahnke, Tobias and Huisinga, Wilhelm},
 journal={Journal of Mathematical Biology},
 volume={54},
 number={1},
 pages={1--26},
 year={2007},
 publisher={Springer}
}

@article{gupta2017finite,
 title={A Finite State Projection Algorithm for the Stationary Solution of the Chemical Master Equation},
 author={Gupta, Ankit and Mikelson, Jan and Khammash, Mustafa},
 journal={The Journal of Chemical Physics},
 volume={147},
 number={15},
 pages={154101},
 year={2017},
 publisher={\acsfont{AIP} Publishing}
}

@article{geva2006oscillations,
 title={Oscillations and Variability in the p53 System},
 author={Geva-Zatorsky, Naama and Rosenfeld, Nitzan and Itzkovitz, Sha\-lev and Milo, Ron and Sigal, Alex and Dekel, Erez and Yarnitzky, Talia and Liron, Yuvalal and Polak, Paz and Lahav, Galit and others},
 journal={Molecular Systems Biology},
 volume={2},
 number={1},
 pages={2006--0033},
 year={2006},
 publisher={John Wiley \& Sons}
}

@article{cao1985iterative,
 title={Iterative Aggregation/Disaggregation Techniques for Nearly Uncoupled {Markov} Chains},
 author={Cao, Wei-Lu and Stewart, William J},
 journal={Journal of the \acsfont{ACM}},
 volume={32},
 number={3},
 pages={702--719},
 year={1985},
 publisher={\acsfont{ACM}},
}

@book{breuer2003markov,
 title={From {M}arkov Jump Processes to Spatial Queues},
 author={Breuer, Lothar},
 year={2003},
 publisher={Springer}
}

@inproceedings{backenkohler2020analysis,
 title={Analysis of {Markov} Jump Processes under Terminal Constraints},
 author={Backenk{\"o}hler, Michael and Bortolussi, Luca and Gro{\ss}mann, Gerrit and Wolf, Verena},
 booktitle={27th International Conference on Tools and Algorithms for the Construction and Analysis of Systems},
 pages={210-229},
 series={Lecture {N}otes in {C}omputer {S}cience},
 volume={1265},
 publisher={Springer},
 year={2021},
}



@ARTICLE{2020SciPy-NMeth,
 author={{Virtanen}, Pauli and {Gommers}, Ralf and {Oliphant}, Travis E. and {Haberland}, Matt and {Reddy}, Tyler and {Cournapeau}, David and {Burovski}, Evgeni and {Peterson}, Pearu and {Weckesser}, Warren and {Bright}, Jonathan and {van der Walt}, St{\'e}fan J.  and {Brett}, Matthew and {Wilson}, Joshua and {Jarrod Millman}, K.  and {Mayorov}, Nikolay and {Nelson}, Andrew R.~J. and {Jones}, Eric and {Kern}, Robert and {Larson}, Eric and {Carey}, CJ and {Polat}, {\.I}lhan and {Feng}, Yu and {Moore}, Eric W. and {Vand erPlas}, Jake and {Laxalde}, Denis and {Perktold}, Josef and {Cimrman}, Robert and {Henriksen}, Ian and {Quintero}, E.~A. and {Harris}, Charles R and {Archibald}, Anne M.  and {Ribeiro}, Ant{\^o}nio H. and {Pedregosa}, Fabian and {van Mulbregt}, Paul and {Contributors}, SciPy 1. 0},
 title="{SciPy 1.0: Fundamental Algorithms for Scientific Computing in Python}",
 journal={Nature Methods},
 year="2020",
 volume={17},
 pages={261--272},
 adsurl={https://rdcu.be/b08Wh},
}

@inproceedings{backenkohler2016generalized,
 title={Generalized Method of Moments for Stochastic Reaction Networks in Equilibrium},
 author={Backenk{\"o}hler, Michael and Bortolussi, Luca and Wolf, Verena},
 booktitle={International Conference on Computational Methods in Systems Biology},
 pages={15--29},
 year={2016},
 organization={Springer}
}

@incollection{anderson2011continuous,
 title={Continuous Time {Markov} Chain Models for Chemical Reaction Networks},
 author={Anderson, David F and Kurtz, Thomas G},
 booktitle={Design and Analysis of Biomolecular Circuits},
 pages={3--42},
 year={2011},
 publisher={Springer}
}

@article{anderson2010product,
 title={Product-Form Stationary Distributions for Deficiency Zero Chemical Reaction Networks},
 author={Anderson, David F and Craciun, Gheorghe and Kurtz, Thomas G},
 journal={Bulletin of Mathematical Biology},
 volume={72},
 number={8},
 pages={1947--1970},
 year={2010},
 publisher={Springer}
}


@Article{munsky2009specificity,
 Title={Specificity and Completion Time Distributions of Biochemical Processes},
 Author={Munsky, Brian and Nemenman, Ilya and Bel, Golan},
 Journal={The Journal of Chemical Physics},
 Year={2009},
 Number={23},
 Pages={12B616},
 Volume={131},

 Publisher={\acsfont{AIP}}
}

@Article{nelson1990control,
 Title={Control Variate Remedies},
 Author={Nelson, Barry L},
 Journal={Operations Research},
 Year={1990},
 Number={6},
 Pages={974--992},
 Volume={38},

 Publisher={\acsfont{INFORMS}}
}

@software{scs,
 Title={{\acsfont{SCS}}: Splitting Conic Solver, version 2.1.0},
 Author={B. O'Donoghue and E. Chu and N. Parikh and S. Boyd},
 url={https://github.com/cvxgrp/scs},
 urldate={\today},
 Month=nov,
 Year={2017}
}

@Article{parrilo2003semidefinite,
 Title={Semidefinite Programming Relaxations for Semialgebraic Problems},
 Author={Parrilo, Pablo A},
 Journal={Mathematical Programming},
 Year={2003},
 Number={2},
 Pages={293--320},
 Volume={96},
 Publisher={Springer}
}

@Article{porter2016dynamical,
 Title={Dynamical Systems on Networks},
 Author={Porter, Mason A and Gleeson, James P},
 Journal={Frontiers in Applied Dynamical Systems: Reviews and Tutorials},
 Year={2016},
 Volume={4},

 Owner={wolf},
 Publisher={Springer},
 Timestamp={2019.10.16}
}

@Article{sakurai2019bounding,
 Title={Bounding Transient Moments of Stochastic Chemical Reactions},
 Author={Sakurai, Yuta and Hori, Yutaka},
 Journal={\acsfont{IEEE} Control Systems Letters},
 Year={2019},
 Number={2},
 Pages={290--295},
 Volume={3},

 Publisher={\acsfont{IEEE}}
}



@article{schnoerr2015,
 title={Comparison of Different Mom\-ent-Closure Approximations for Stochastic Chemical Kinetics},
 volume={143},
 publisher={\acsfont{AIP} Publishing},
 number={18},
 journal={The Journal of Chemical Physics},
 author={Schnoerr, David and Sanguinetti, Guido and Grima, Ramon},
 month=nov,
 year={2015},
 pages={185101},
}

@article{fluidMC_2015,
 title={Model Checking Single Agent Behaviours by Fluid Approximation},
 volume={242},
 journal={Information and Computation},
 author={Bortolussi, Luca and Hillston, Jane},
 month=jun,
 year={2015},
 pages={183--226},
}

@article{bortolussi2020fluid,
 title={Fluid Approximation of Broadcasting Systems},
 author={Bortolussi, Luca and Hillston, Jane and Loreti, Michele},
 journal={Theoretical Computer Science},
 volume={816},
 pages={221--248},
 year={2020},
 publisher={Elsevier}
}


@article{bortolussi2013continuous,
 title={Continuous Approximation of Collective System Behaviour: {A} Tutorial},
 volume={70},
 shorttitle={Continuous Approximation of Collective System Behaviour},
 number={5},
 journal={Performance Evaluation},
 publisher={Elsevier},
 author={Bortolussi, Luca and Hillston, Jane and Latella, Diego and Massink, Mieke},
 month=may,
 year={2013},
 keywords={Deterministic approximation, Fluid approximation, {M}arkov chains, Mean field approximation, Stochastic process algebras},
 pages={317--349},

}

@book{bernardo2016,
 series={Lecture {Notes} in {Computer} {Science}},
 title={Formal {Methods} for the {Quantitative} {Evaluation} of {Collective} {Adaptive} {Systems}},
 volume={9700},
 publisher={Springer},
 editor={Bernardo, Marco and De Nicola, Rocco and Hillston, Jane},
 year={2016},
}

@article{schnoerr2017survey,
 title={Approximation and Inference Methods for Stochastic Biochemical Kinetics—A Tutorial Review},
 volume={50},
 number={9},
 journal={Journal of Physics A: Mathematical and Theoretical},
 author={Schnoerr, David and Sanguinetti, Guido and Grima, Ramon},
 month=mar,
 year={2017},
 pages={093001},
}

@article{gast2019,
 title={Size Expansions of Mean Field Approximation: {Transient} and Steady-State Analysis},
 volume={129},
 journal={Performance Evaluation},
 author={Gast, Nicolas and Bortolussi, Luca and Tribastone, Mirco},
 year={2019},
 keywords={Load balancing, Mean field approximation, System size expansion},
 pages={60--80}
}

@Article{schnoerr2017efficient,
 Title={Efficient Low-Order Approximation of First-Passage Time Distributions},
 Author={Schnoerr, David and Cseke, Botond and Grima, Ramon and Sanguinetti, Guido},
 Journal={Physical Review Letters},
 Year={2017},
 Month={Nov},
 Pages={210601},
 Volume={119},
 Issue={21},
 Numpages={6},
 Publisher={American Physical Society},
}

@software{geobound,
 Title={Geobound},
 Author={David Spieler},
 url={https://mosi.uni-saarland.de/tools/geobound},
 urldate={\today},
 year={2010},
}

@book{ethier2009markov,
 title={Markov Processes: Characterization and Convergence},
 author={Ethier, Stewart N and Kurtz, Thomas G},
 volume={282},
 year={2009},
 publisher={John Wiley \& Sons}
}


@software{mjp_bridging,
 Title={\acsfont{MJP} Aggregation and Bridging Code},
 Author={Michael Backenk{\"{o}}hler},
 url={https://www.github.com/mbackenkoehler/mjp_bridging},
 urldate={\today},
 year={2020},
}

@InProceedings{singh2006lognormal,
 Title={Lognormal moment closures for Biochemical reactions},
 Author={Singh, Abhyudai and Hespanha, Jo{\~{a}}o P},
 Booktitle={45th \acsfont{IEEE} Conference on Decision and Control},
 Year={2006},
 Organization={\acsfont{IEEE}},
 Pages={2063--2068}
}


@InProceedings{szechtman2003control,
 Title={Control Variate Techniques for Mon\-te Carlo Simulation},
 Author={Szechtman, Roberto},
 Booktitle={35th Conference on Winter Simulation: Driving Innovation},
 Year={2003},
 Organization={Winter Simulation Conference},
 Pages={144--149}
}

@Article{BuchWolkenhauer,
 Title={Stochastic Approaches for Systems Biology},
 Author={Ullah, Mukhtar and Wolkenhauer, Olaf},
 Journal={Wiley Interdisciplinary Reviews. Systems Biology and Medicine},
 Year={2009},

 Month={07},
 Pages={385-97},
 Volume={2},

 Owner={wolf},
 Timestamp={2019.10.16}
}

@Book{van1992stochastic,
 Title={Stochastic Processes in Physics and Chemistry},
 Author={Van Kampen, Nicolaas Godfried},
 Publisher={Elsevier},
 Year={1992},
 Volume={1}
}

@software{vandenberghe2010cvxopt,
 Title={The \acsfont{CVXOPT} Linear and Qua\-dra\-tic Cone Program Solvers},
 Author={Vandenberghe, Lieven},
 url={http://cvxopt.org/documentation/coneprog.pdf},
 urldate={\today},
 Year={2010}
}

@Article{wilson1984variance,
 Title={Variance Reduction Techniques for Digital Simulation},
 Author={Wilson, James R},
 Journal={American Journal of Mathematical and Management Sciences},
 Year={1984},
 Number={3-4},
 Pages={277--312},
 Volume={4},

 Publisher={Taylor \& Francis}
}


@book{gihmantheory,
 title={The Theory of Stochastic Processes II},
 author={Gihman, Iosif I and Skorohod, Anatoli V},
 publisher={Springer},
 year={1975},
}




@article{bel2009simplicity,
 title={The Simplicity of completion Time Distributions for Common Complex Biochemical Processes},
 author={Bel, Golan and Munsky, Brian and Nemenman, Ilya},
 journal={Physical Biology},
 volume={7},
 number={1},
 pages={016003},
 year={2009},
 publisher={\acsfont{IOP} Publishing}
}

@article{iyer2016first,
 title={First-Passage Processes in Cellular Biology},
 author={Iyer-Biswas, Srividya and Zilman, Anton},
 journal={Advances in Chemical Physics},
 volume={160},
 pages={261--306},
 year={2016},
 publisher={Wiley Online Library}
}

@inproceedings{hespanha2008moment,
 title={Moment Closure for Biochemical Networks},
 author={Hespanha, Jo{\~{a}}o P},
 booktitle={2008 3rd International Symposium on Communications, Control and Signal Processing},
 pages={142--147},
 year={2008},
 organization={\acsfont{IEEE}}
}

@article{stekel2008strong,
 title={Strong Negative Self Regulation of Prokaryotic Transcription Factors Increases the Intrinsic Noise of Protein Expression},
 author={Stekel, Dov J and Jenkins, Dafyd J},
 journal={\acsfont{BMC} Systems Biology},
 volume={2},
 number={1},
 pages={6},
 year={2008},
 publisher={BioMed Central}
}

@article{gillespie1977exact,
 title={Exact Stochastic Simulation of Coupled Chemical Reactions},
 author={Gillespie, Daniel T},
 journal={The Journal of Physical Chemistry},
 volume={81},
 number={25},
 pages={2340--2361},
 year={1977},
 publisher={\acsfont{ACS} Publications}
}


@inproceedings{backenkohler2019control,
 Author={Michael Backenk{\"{o}}hler and Luca Bortolussi and Verena Wolf},
 Title={Control Variates for Stochastic Simulation of Chemical Reaction Networks},
 Year={2019},
 publisher={Springer},
 series={Lecture {N}otes in {C}omputer {S}cience},
 pages={42-59},
 volume={11773},
 booktitle={17th International Conference on Computational Methods in Systems Biology},
}






@article{ghusinga2020moment,
 title={Moment Analysis of Stochastic Hybrid Systems Using Semidefinite Programming},
 author={Ghusinga, Khem Raj and Lamperski, Andrew and Singh, Abhyudai},
 journal={Automatica},
 volume={112},
 pages={108634},
 year={2020},
 publisher={Elsevier}
}


@inproceedings{sakurai2017convex,
 title={A Convex Approach to Steady State Moment Analysis for Stochastic Chemical Reactions},
 author={Sakurai, Yuta and Hori, Yutaka},
 booktitle={56th Conference on Decision and Control},
 pages={1206--1211},
 year={2017},
 organization={\acsfont{IEEE}}
}

@inproceedings{ghusinga2017estimating,
 title={Estimating Stationary Characteristic Functions of Stochastic Systems via Semidefinite Programming},
 author={Ghusinga, Khem Raj and Lamperski, Andrew and Singh, Abhyudai},
 booktitle={European Control Conference},
 pages={2720--2725},
 year={2018},
 organization={\acsfont{IEEE}}
}



@book{lasserre2010moments,
 title={Moments, Positive Polynomials and their Applications},
 author={Lasserre, Jean-Bernard},
 volume={1},
 year={2010},
 publisher={World Scientific}
}



@phdthesis{spieler2014numerical,
 title={Numerical Analysis of Long-Run Properties for {Markov} Population
 Models},
 school={Saarland University},
 author={Spieler, David},
 year={2014}
}


@article{engblom2014stability,
 title={On the Stability of Stochastic Jump Kinetics},
 author={Engblom, Stefan},
 journal={Applied Mathematics},
 volume={5},
 pages={3217--3239},
 year={2014}
}


@article{kazeroonian2014modeling,
 title={Modeling of Stochastic Biological Processes with Non-Po\-ly\-no\-m\-ial Propensities Using Non-Central Conditional Moment Equation},
 author={Kazeroonian, Atefeh and Theis, Fabian J and Hasenauer, Jan},
 journal={International Federation of Automatic Control Proceedings Volumes},
 volume={47},
 number={3},
 pages={1729--1735},
 year={2014},
 publisher={Elsevier}
}


@manual{mosek,
 author="{\relax \acsfont{MOSEK} ApS}",
 title="\acsfont{MOSEK} Optimizer \acsfont{API} for \acsfont{C} 8.1.0.67",
 year=2018,
 urldate={\today},
 url="https://docs.mosek.com/8.1/capi/index.html"
}

@inproceedings{backenkohler2020birth,
 title={Birth-Death Processes Reproduce the Infection Footprint of Complex Networks},
 author={Michael Backenk{\"{o}}hler and Gerrit Gro{\ss}mann},
 booktitle={7th International Workshop on Hybrid Systems and Biology},
 year={2020},
}

@inproceedings{caris2005selection,
 title={Selection of Control Variates for Variance Reduction in a Multiresponse Simulation with a Small Number of Replications},
 author={Caris, An and Janssens, Gerrit},
 booktitle={Proceedings  of  the  European  Simulation  and  Modeling Conference},
 pages={19--24},
 year={2005}
}



@article{munsky2006finite,
 title={The Finite State Projection Algorithm for the Solution of the Chemical Master Equation},
 author={Munsky, Brian and Khammash, Mustafa},
 journal={The Journal of Chemical Physics},
 volume={124},
 number={4},
 pages={044104},
 year={2006},
 publisher={\acsfont{AIP}}
}


@article{cao2005slow,
 title={The Slow-Scale Stochastic Simulation Algorithm},
 author={Cao, Yang and Gillespie, Daniel T and Petzold, Linda R},
 journal={The Journal of Chemical Physics},
 volume={122},
 number={1},
 pages={014116},
 year={2005},
 publisher={\acsfont{AIP}}
}


@article{ale2013general,
 title={A General Moment Expansion Meth\-od for Stochastic Kinetic Models},
 author={Ale, Angelique and Kirk, Paul and Stumpf, Michael PH},
 journal={The Journal of Chemical Physics},
 volume={138},
 number={17},
 pages={174101},
 year={2013},
 publisher={\acsfont{AIP}}
}

@article{loinger2007stochastic,
 title={Stochastic Simulations of Genetic Switch Systems},
 author={Loinger, Adiel and Lipshtat, Azi and Balaban, Nathalie Q and Biham, Ofer},
 journal={Physical Review E},
 volume={75},
 number={2},
 pages={021904},
 year={2007},
 publisher={\acsfont{APS}}
}

@software{cme-simulation-github,
 author={Backenk\"{o}hler, Michael},
 title={Stochastic Simulation and \acsfont{LCV} Estimation Code},
 year={2019},
 publisher={GitHub},
 journal={GitHub repository},
 url={https://github.com/mbackenkoehler/cme-simulation},
 urldate={\today},
}

@article{goodman2009coupling,
 title={Coupling Control Variates for Markov Chain Monte Carlo},
 author={Goodman, Jonathan B and Lin, Kevin K},
 journal={Journal of Computational Physics},
 volume={228},
 number={19},
 pages={7127--7136},
 year={2009},
 publisher={Elsevier}
}

@article{anderson2018low,
 title={Low Variance Couplings for Stochastic Models of Intracellular Processes with Time-Dependent Rate Functions},
 author={Anderson, David F and Yuan, Chaojie},
 journal={Bulletin of Mathematical Biology},
 pages={1--29},
 year={2018},
 publisher={Springer}
}

